@Article{eqnum,
author = {{F. Azevedo et al.}},
title = {{Equal Numbers of Neuronal and Nonneuronal Cells Make the Human Brain an Isometrically Scaled-Up Primate Brain}},
journal = {The  Journal  of  Comparative  Neurology  513},
year = {2009},
}
@Book{izi,
author = {{E. M. Izhikevich}},
title = {{Dynamical Systems in Neuroscience}},
publisher = {The MIT Press},
year = {2007},
}
@Article{dnb,
author = {{G. S. Cymbalyuk}},
title = {{Dynamics of neuronal bursting}},
journal = {J Biol Phys 37},
year = {2011},
}
@Article{abp,
author = {{B. Lindner and E. M. Nicola}},
title = {{Critical Asymmetry for Giant Diffusion of Active Brownian Particles}},
journal = {PRL 101},
year = {2008},
}
@Article{bpp,
author = {{B. Lindner and I. M. Sokolov}},
title = {{Giant diffusion of underdamped particles in a biased periodic potential}},
journal = {PRE 93},
year = {2016},
}
@Book{bm,
author = {{I. Karatzas and S. E. Shreve}},
title = {{Brownian Motion and Stochastic Calculus}},
publisher = {Springer},
year = {1998},
}
@Article{gd,
author = {{D. Dan and A. M. Jayannavar}},
title = {{Giant diffusion and coherent transport in tilted periodic inhomogeneous systems}},
journal = {Physical Review E 66},
year = {2002},
}
@Article{td,
author = {{G. Costantini and F. Marchesoni}},
title = {{Threshold diffusion in a tilted washboard potential}},
journal = {Europhys. Lett. 48},
year = {1999},
}
@Article{dit,
author = {{P. Reimann et al.}},
title = {{Diffusion in tilted periodic potentials: Enhancement, universality, and scaling}},
journal = {Physical Review E 65},
year = {2002},
}
@Article{ga,
author = {{P. Reimann et al.}},
title = {{Giant Acceleration of Free Diffusion by Use of Tilted Periodic Potentials}},
journal = {Physical Review Letters 87},
year = {2001},
}
@Book{fpe,
author = {{H. Risken}},
title = {{The Fokker-Planck Equation}},
publisher = {Springer},
year = {1984},
}
@Article{gamma,
author = {{L. V. Moran and L. E. Hong}},
title = {{High vs Low Frequency Neural Oscillations in Schizophrenia}},
journal = {Schizophr Bull 37},
year = {2011},
}
@Article{gamma2,
author = {{J. R. Hughes}},
title = {{Gamma, fast, and ultrafast waves of the brain: Their relationships with epilepsy and behavior}},
journal = {Epilepsy \& Behavior 13},
year = {2008},
}
@Article{burstneu,
author = {{K. Nakajima et al.}},
title = {{Dynamic characteristics of a simplebursting neuron model}},
journal = {NOLTA Vol. 3},
year = {2012},
}
@Article{burstneu2,
author = {{X. Zhao et al.}},
title = {{Low dimensional model of bursting neurons}},
journal = {J Comput Neurosci 36},
year = {2014},
}
@Article{rinzel,
author = {{J. Rinzel}},
title = {{Excitation dynamics: insights from simplified membrane models}},
journal = {Federation Proc 44},
year = {1985},
}
@Article{fitzhugh,
author = {{R. Fitzhugh}},
title = {{Thresholds and Plateaus  in the Hodgkin-Huxley Nerve  Equations }},
journal = {J Gen Physiol 43},
year = {1960},
}
@Article{pacemaker,
author = {{J. Jalife and C. Antzelevitch}},
title = {{Phase resetting and annihilation of pacemaker activity in cardiac tissue}},
journal = {Science Vol. 206, Issue 4419},
year = {1979},
}
@Article{sensory,
author = {{G. V. Di Prisco et al.}},
title = {{Role of Sensory-Evoked NMDA Plateau Potentials in the Initiation of Locomotion}},
journal = {Science Vol. 278, Issue 5340},
year = {1997},
}
@Article{sensorystm1,
author = {{Y. Loewenstein et al.}},
title = {{Bistability of cerebellar Purkinje cells modulated by sensory stimulation}},
journal = {Nature Neuroscience 8},
year = {2005},
}
@Article{stm1,
author = {{E. Marder et al.}},
title = {{Memory from the dynamics of intrinsic membrane currents}},
journal = {PNAS 93},
year = {1996},
}
@Article{stm2,
author = {{A. V. Egorov et al.}},
title = {{Graded persistent activity in entorhinal cortex neurons}},
journal = {Nature 420},
year = {2002},
}
@Article{moto1,
author = {{C.-F. Hsiao et al.}},
title = {{Ionic Basis for Serotonin-Induced Bistable Membrane Properties in Guinea Pig Trigeminal Motoneurons}},
journal = {J. Neurophysiol. 79},
year = {1998},
}
@Article{moto2,
author = {{J. Hounsgaard and O. Kiehn}},
title = {{Serotonin-induced bistability of turtle motoneurones caused by a nifedipine-sensitive calcium plateau potential}},
journal = {J. Physiol. 414},
year = {1989},
}
@Article{spindle,
author = {{P. Fuentealba et al.}},
title = {{Membrane Bistability in Thalamic Reticular Neurons During SpindleOscillations}},
journal = {J. Neurophysiol. 93},
year = {2005},
}
@Article{snr,
author = {{L. Gammaitoni et al.}},
title = {{Stochastic resonance}},
journal = {Rev. Mod. Phys. 70},
year = {1998},
}
@Article{speclim,
author = {{R. F. O. Pena et al.}},
title = {{Self-Consistent Scheme for Spike-Train Power Spectra in Heterogeneous Sparse Networks}},
journal = {Frontiers in Comp. Neuroscience},
year = {2018},
}
@Article{speclim2,
author = {{S. Vellmer and B. Lindner}},
title = {{Theory of spike-train power spectra for multidimensional integrate-and-fire neurons}},
journal = {Phys. Rev. Research},
year = {2019},
}
@Article{cvref,
author = {{A. Shpiro et al.}},
title = {{Balance between noise and adaptation in competition models of perceptual bistability}},
journal = {J Comput Neurosci 27},
year = {2009},
}

@TechReport{czj,
author = {{Stefan Wilhelm et al.}},
title = {{Die konfokale Laser Scanning Mikroskopie}},
institution = {Carl Zeiss Mikroskopsysteme},
year = {2003},
}
@Book{opdadh,
author = {{A. M. Zaitsev}},
title = {{Optical Properties of Diamond: A Data Handbook}},
publisher = {Springer},
year = {2001},
}
@Article{qdd,
author = {{G. S. Uhrig  et al.}},
title = {{Rigorous Performance Bounds for Quadratic and Nested Dynamical Decoupling}},
journal = {Physical Review A 84},
year = {2011},
}
@phdthesis{diss,
Title = {Magnetic Field Sensing with Nitrogen-Vacancy Color Centers in Diamond},
Author = {L. M. Pham},
School = {The School of Engineering and Applied Sciences},
Year = {2013},
} 
