@Book{bel,
author = {{Michel Le Bellac}},
title = "A Short Introduction to Quantum Information and Quantum Computation",
publisher = {Cambridge University Press},
year = 2006} 
@Book{nmr,
author = {{Malcolm H. Levitt}},
title = {Spin dynamics},
publisher = {WILEY},
year = {2001},
}
@Book{qtl,
author = {{Rodney Loudon}},
title = {The quantum theory of light},
publisher = {Oxford University Press},
year = {2004},
}
@Book{qm,
author = {{Claude Cohen-Tannoudji et al.}},
title = {Quantum mechanics},
publisher = {WILEY},
year = {1977},
}
@Article{ttwo,
author = {{C. L\"u et al.}},
title = {{Spin relaxation time, spin dephasing time and ensemble spin dephasing time in n-type GaAs quantum wells}},
journal = {Physics Letters},
year = {2007},
}
@Article{dd,
author = {{C. A. Ryan et al.}},
title = {{Robust Decoupling Techniques to Extend Quantum Coherence in Diamond}},
journal = {Physical Review Letters},
year = {2010},
}
@Article{sas,
author = {{A. M. Souza et al.}},
title = {Effects of time-reversal symmetry in dynamical decoupling},
journal = {Physical Review A 85},
year = {2012},
}
@Article{sas2,
author = {{M. A. A. Ahmed et al.}},
title = {Robustness of dynamical decoupling sequences},
journal = {arXiv:1211.5001v2},
year = {2012},
}
@Article{udd,
author = {{G\"otz S. Uhrig}},
title = {{Exact Results on Dynamical Decoupling by Pi Pulses in Quantum Information
Processes}},
journal = {arXiv:0803.1427v2},
year = {2008},
}
@Article{nv1,
author = {{R. Hanson et al.}},
title = {Room-temperature manipulation and decoherence of a single spin in diamond},
journal = {Physical Review B 74},
year = {2006},
}
@TechReport{czj,
author = {{Stefan Wilhelm et al.}},
title = {{Die konfokale Laser Scanning Mikroskopie}},
institution = {Carl Zeiss Mikroskopsysteme},
year = {2003},
}
@Book{cfm,
author = {{Michiel M\"uller}},
title = {{Confocal Fluorescence Microscopy}},
publisher = {SPIE Press},
year = {2006},
}
@Book{poo,
author = {{Max Born and Emil Wolf}},
title = {{Principles of Optics}},
publisher = {Pergamon Press},
year = {1970},
}
@Book{cmmem,
author = {{Barry R. Masters}},
title = {{Confocal Microscopy and Multiphoton Excitation Microscopy: The Genesis of Live Cell Imaging}},
publisher = {SPIE Press},
year = {2006},
}
@Article{cod,
author = {{Christopher M. Breeding and James E. Shigley}},
title = {{The "Type" Classification System of Diamonds and Its Importance in Gemology}},
journal = {Gems \& Gemology},
year = {2009},
}
@Book{pod,
author = {{J. E. Field et al.}},
title = {{The Properties of Diamond}},
publisher = {Academic Press},
year = {1979},
}
@Article{lar,
author = {{A. Lenef and S. C. Rand}},
title = {{Electronic structure of the NV-center in diamond: Theory}},
journal = {Physical Review B 53},
year = {1996},
}
@Book{nd,
author = {{Oliver A. Williams}},
title = {{Nanodiamond}},
publisher = {Cambridge: Royal Society of Chemistry},
year = {2014},
}
@Article{st,
author = {{Boris I. Kharisov et al.}},
title = {{Synthesis Techiques, Properties and Applications of Nanodiamonds}},
journal = {Synthesis and Reactivity in Inorganic, Metal-Organic, and Nano-Metal Chemistry Vol. 40},
year = {2010},
}
@Book{qmg,
author = {{David J. Griffiths}},
title = {{Quantenmechanik}},
publisher = {Pearson},
year = {2012},
}
@Article{rdc,
author = {{A. M. Souza et al.}},
title = {{Robust dynamical decoupling}},
journal = {Phil. Trans. R. Soc. A 2012 370},
year = {2011},
}
@Book{gmf,
author = {{R. Gross and A. Marx}},
title = {{Festk\"orperphysik}},
publisher = {De Gruyter},
year = {2014},
}
@Article{ssbd,
author = {{N. Bar-Gill et al.}},
title = {{Suppression of spin-bath dynamics for improved coherence of multi-spin-qubit systems}},
journal = {Nature Communications 3, Article number: 858},
year = {2012},
}
@Article{hted,
author = {{L. Cywinski et al.}},
title = {{How to enhance dephasing time in superconducting qubits}},
journal = {Physical Review B 77},
year = {2008},
}
@Article{ddsc,
author = {{M. J. Biercuk et al.}},
title = {{Dynamical decoupling sequence construction as a filter-design problem}},
journal = {J. Phys. B: At. Mol. Opt. Phys. 44 154002},
year = {2011},
}
@Article{squid,
author = {{D. Drungl et al.}},
title = {Low-noise high-speed dc superconducting quantum interference
device magnetometer with simplified feedback electronics},
journal = {Appl. Phys. Lett. 57},
year = {1990},
}
@Article{avc,
author = {{W. Clark Griffith et al.}},
title = {{Femtotesla atomic magnetometry in a microfabricated vapor cell}},
journal = {Optics Express Vol. 18},
year = {2010},
}
@Article{mspd,
author = {{J. E. Field}},
title = {{The mechanical and strength properties of diamond}},
journal = {Reports on Progress in Physics, Volume 75},
year = {2012},
}
@Article{darm,
author = {{H. Sumiya et al.}},
title = {{Mechanical properties of synthetic type IIa diamond crystal}},
journal = {Diamond and Related Materials},
year = {1997},
}
@Book{opdadh,
author = {{A. M. Zaitsev}},
title = {{Optical Properties of Diamond: A Data Handbook}},
publisher = {Springer},
year = {2001},
}
@Article{dgcvd,
author = {{J. J. Gracio et al.}},
title = {{Diamond growth by chemical vapour deposition}},
journal = {Journal of Physics D: Applied Physics, IOP Publishing, 43},
year = {2010},
}
@Article{hpht,
author = {{Yafei Zhang et al.}},
title = {{HPHT synthesis of large single crystal diamond doped with high nitrogen concentration}},
journal = {Diamond and Related Materials, Volume 17},
year = {2007},
}
@Article{repprog,
author = {{L. Rondin et al.}},
title = {{Magnetometry with nitrogen-vacancy defects in diamond}},
journal = {Rep. Prog. Phys. 77},
year = {2014},
}
@Article{qc,
author = {{T. D. Ladd et al.}},
title = {{Quantum computers}},
journal = {Nature 464},
year = {2010},
}
@Article{qr,
author = {{M. V. Gurudev Dutt et al.}},
title = {{Quantum Register Based on Individual Electronic and Nuclear Spin Qubits in Diamond}},
journal = {Science Vol. 316, Issue 5829},
year = {2007},
}
@Article{ess,
author = {{R. de Sousa}},
title = {{Electron Spin as a Spectrometer of Nuclear-Spin Noise and Other Fluctuations}},
journal = {In: Fanciulli M. (eds) Electron Spin Resonance and Related Phenomena in Low-Dimensional Structures. Topics in Applied Physics, vol 115. Springer},
year = {2009},
}
@Article{sdd,
author = {{J. Medford et al.}},
title = {{Scaling of Dynamical Decoupling for Spin Qubits}},
journal = {Physical Review Letters 108},
year = {2012},
}
@Article{pea,
author = {{Z. Wang et al.}},
title = {{Effect of pulse error accumulation on dynamical decoupling of the electron spins
of phosphorus donors in silicon}},
journal = {Physical Review B85},
year = {2012},
}
@Article{nvref,
author = {{R. Schirhagl et al.}},
title = {{Nitrogen-Vacancy Centers in Diamond: Nanoscale Sensors for Physics and Biology}},
journal = {Annu. Rev. Phys. Chem. 65},
year = {2014},
}
@Article{qdd,
author = {{G. S. Uhrig  et al.}},
title = {{Rigorous Performance Bounds for Quadratic and Nested Dynamical Decoupling}},
journal = {Physical Review A 84},
year = {2011},
}
@phdthesis{diss,
Title = {Magnetic Field Sensing with Nitrogen-Vacancy Color Centers in Diamond},
Author = {L. M. Pham},
School = {The School of Engineering and Applied Sciences},
Year = {2013},
} 