@article{av:1a,
	author = "M. Silkowski and M. Lesiuk and R. Moszynski",
	title = "Calculation of the molecular integrals with the range-separated 
		correlation factor",
	journal = "J. Chem. Phys.",
	volume = 142,
	number	= 124102,
	year = 2015
}
@article{av:1a2,
	author = "M. Silkowski and M. Lesiuk and R. Moszynski",
	title = "Calculation of the molecular integrals with the range-separated 
	correlation factor. Supplemental material.",
    url = {http://dx.doi.org/10.1063/1.4915272}
}

@article{av:2a,
	author = "Larry E. McMurchie and Ernest R. Davidson",
	title = "One- and Two-Elektron Integrals over Cartesian Gaussian Functions",
	journal = "J. Comp. Phys",
	volume = 26,
	pages = "218-231",
    year = 1978
}

@article{av:3a,
	author = "Claire C.M. Samson and Wim Klopper and Trygve Helgaker",
	title = "Computation of two-electron Gaussian integrals for wave functions 
	including the correlation factor $r_{12}\exp(-\gamma r_{12}^2)$",
	journal = "Computer Physics Communications",
	volume = 149,
	pages = "1-10",
	year = 2002
}

@article{av:4a,
	author = "H. Bernhard Schlegel and Michael J. Frisch",
	title = "Transformation Between Cartesian and Pure Spherical Harmonic 
	Gaussians",
	journal = "Int. J. Quantum Chem.",
	volume = 54,
	pages = "83-87",
	year = 1995
}

@article{av:5a,
	author = "S. F. Boys",
	journal = "Proc. R. Soc.",
	volume = {A 200},
	number = 542,
	year = 1950
}

@article{av:6a,
	author = "Jean-Louis Calais and Per-Olov L{\"o}wdin",
	title = "A Simple Method of Treating Atomic Integrals Containing Functions 
	of $r_{12}$",
	journal = "J. Mol. Spec.",
	volume = 8,
	pages = "203-211",
	year = 1962
}

@article{av:7a,
	author = "F. Serwane and G. Z{\"u}rn and T. Lompe and T. B. Ottenstein and 
	A. N. Wenz and S. Jochim",
	title = "Deterministic Preparation of a Tunable Few-Fermion System",
	journal = "Science",
	volume = 332,
	pages = "336-338",
	year = 2011
}

@article{av:8a,
	author = "Sergey Grishkevich and Alejandro Saenz",
	title = "Influence of a tight isotropic harmonic trap on photoassociation 
	in ultracold homonuclear alkali-metal gases",
	journal = "Phys. Rev.",
	volume = {A 76},
	number = 022704
	year = 2007
}

@article{av:9a,
	AUTHOR = {Justyna  G. Balcerzak and  Micha l  Lesiuk and Robert  Moszynsk},
	TITLE  = {Calculation of Araki-Sucher correction for many-electron
	systems},
	JOURNAL = {Cornell University Library},
	YEAR = 2017,
	URL = {https://arxiv.org/abs/1710.02468}
}


@article{av:1b,
       AUTHOR = {B. D. Esry and Chris H. Greene},
       TITLE = {Validity of the shape-independent
approximation for Bose-Einstein condensates},
       JOURNAL = {Phys. Rev.},
       NUMBER = {60:1451},
       YEAR = 1999
}


@article{av:2b,
        AUTHOR = {R.A. Buckham},
        TITLE = {The classical equation of state of gaseous helium, neon and argon},
        JOURNAL ={The ROYAL SOCIETY PUBLISHING},
        YEAR = 1938,
        URL ={http://rspa.royalsocietypublishing.org/content/168/933/264}
}

@article{av:3b,
        AUTHOR = {Edward A. Mason},
        TITLE ={Transport Properties of Gases Obeying a Modified Buckingham (Exp-Six) Potential},
        JOURNAL ="J. Chem. Phys.",
        VOLUME = 22,
        NUMBER = 2,
        YEAR = 1953

}
@article{av:m1,
        AUTHOR = {M.H. Anderson and J.R. Ensher and M.R. Matthews and C.E. Wieman and E.A. Cornell},
        TITLE = {Observation of Bose-Einstein Condensation in a Dilute Atomic Vapor},
        JOURNAL = "SCIENCE",
        VOLUME = 269,
        YEAR = 1995
}

@article{av:m2,
        AUTHOR = {C.C. Bradley and C.A. Sackett and J.J. Tollett and R.G. Hulet},
        TITLE = {Evidence of Bose-Einstein Condensation in an Atomic Gas with Attractive Interactions},
        JOURNAL = "Phys. Rev. Lett.",
        VOLUME = 75,
        number = 9,
        YEAR = 1995
}

@article{av:m3,
       AUTHOR = {K.B. Davis and M.-O. Mewes and M.R. Andrews and N.J. van Druten and D.S. Durfee and D.M. Kurn and W. Ketterle},
       TITLE = {Bose-Einstein Condensation in a Gas of Sodium Atoms},
       JOURNAL = "Phys. Rev. Lett.",
       VOLUME =75,
       NUMBER = 22,
       YEAR = 1995
}


@article{av:m4,
       AUTHOR = { E.A. Cornell and C.E. Wieman},
       TITLE = {Nobel Lecture: Bose-Einstein Condensation in a dilute gas, the first 70 years and some recent experiments.},
       JOURNAL = "Rev. Mod. Phys.",
       VOLUME =74,
       PAGES = {875-893},
       YEAR = 2002
}

@article{av:m5,
	   AUTHOR = { J{\"u}rgen Müller },
	   TITLE  = { Erdmessung mit Quanten und Relativität},
	   JOURNAL = {Cornell University Library},
	   YEAR = 2016,
	   URL = {https://arxiv.org/abs/1608.08407}
	
}


%%Thesis

@phdthesis{phdthesis:sala,
	author = {Simon J. Sala},
	title = {Ultracold Atoms in Traps: Theoretical Approaches, Resonances, and 
	Quantum Simulations},
	school = {Humboldt Universit{\"a}t zu Berlin},
	year = {2016}
}

@phdthesis{phdthesis:sergey,
	author = {Sergey Grishkevich},
	title = {Ultracold collisions in traps: Control of ultracold two-body 
	collisions by trapping potentials and by magnetic fields near Feshbach 
	resonances},
	school = {Humboldt Universit{\"a}t zu Berlin},
	year = {2009}
}

@phdthesis{phdthesis:Schneider,
	author = {Philipp-Immanuel Schneider},
	title = {Theretical description of strongly correlated ultracold atoms in 
	external confinement},
	school = {Humboldt Universit{"a}t zu Berlin},
	year = {2013}
}

%%Books

@book{b:1a,
	AUTHOR =	 {Milton Abramowitz and Irene A. Stegun},
	TITLE =	 {Handbook of Mathematical Functions; with formulas, graphs and 
	mathematical tables},
	EDITION =	 {9},
	PUBLISHER =	 {Dover Publications, Inc., New York},
	ADDRESS =	 {},
	YEAR =	 {1965}
}

@book{b:2a,
	AUTHOR =	 {Stephen Wilson},
	TITLE =	 {Handbook of Molecular Physics and Quantum Chemistry, Volume 2 : 
	Molecular Electronic Structure},
	EDITION =	 {},
	PUBLISHER =	 {John Wiley \& Sons Ltd.},
	ADDRESS =	 {},
	YEAR =	 {2003}
}

@book{b:3a,
	AUTHOR =	 {Attila Szabo and Neil S. Ostlund},
	TITLE =	 {Modern Quantum Chemistry: Introduction to Advanced Elektronic 
	Structure Theory},
	EDITION =	 {1st},
	PUBLISHER =	 {McGRAW-HILL Publishing Company},
	ADDRESS =	 {},
	YEAR =	 {1989}
}

@book{b:4a,
	AUTHOR =	 {William H. Press and Saul A. Teukolsky and William T. 
	Vetterling and Brain P. Flannery},
	TITLE =	 {Numerical Recipes in Fortran 77},
	EDITION =	 {2nd},
	PUBLISHER =	 {Cambridge University Press},
	ADDRESS =	 {},
	YEAR =	 {2001}
}

@book{b:5a,
	AUTHOR = {H.-J. Glaeske and J. Reinhold and P. Volkmer},
	TITLE = {Quantenchemie, Ein Lehrgang, Band 5: Algew{\"a}hlte
	mathematische Methoden der Chemie},
	PUBLISHER = {VEB Deutscher Verlag der Wissenschaft},
	ADDRESS = {Berlin},
	YEAR = "1987",
	NOTE = {Gleichung 3 der Seite 303 (ohne Nummer)}
}

@book{b:6a,
	AUTHOR =	 {Alan Jeffrey and Daniel Zwilinger},
	TITLE =	 {Table of Integrals, Series, and Products},
	EDITION =	 {6},
	PUBLISHER =	 {Academic Press},
	PAGES  = {360,1013,1018}
	YEAR =	 {2000}
}

@online{o:1a,
	URL = {https://www.nag.co.uk/numeric/fl/nagdoc_fl22/xhtml/D01/d01fcf.xml}
	
}





@article{av:99a,
	author = "Trygve Helgaker and Peter R. Taylor",
	title = "On the evaluation of derivates of Gassian integrals",
	journal = "Theor Chim Acta",
	volume = 83,
	pages = "177-183",
	year = 1992
}
